
@article{chakraborty2017,
	title = {Convergence properties of Gibbs samplers for Bayesian probit regression with proper priors},
	author = {{Chakraborty}, {S.} and {Khare}, {K.}},
	year = {2017},
	date = {2017},
	journal = {Electronic Journal of Statistics},
	volume = {11},
	number = {1},
	doi = {10.1214/16-EJS1219}
}

@book{vogelstein2013,
	title = {Cancer genome landscapes},
	author = {{Vogelstein}, {Bert} and {Papadopoulos}, {Nickolas} and {Velculescu}, {Victor E.} and {Zhou}, {Shibin} and {Diaz}, {Luis A.} and {Kinzler}, {Kenneth W.}},
	year = {2013},
	date = {2013},
	doi = {10.1126/science.1235122},
	note = {ISSN: 10959203
Publication Title: Science
DOI: 10.1126/science.1235122}
}
